@Misc{		  exampleref1,
  title		= "This is an example misc reference source",
  year		= {2015},
  month		= {November},
  author	= {{Example Inc}},
  howpublished	= {\url{https://www.example.com}}
}

@Misc{         dropbox,
  title        = "Dropbox.",
  howpublished = {\url{https://www.dropbox.com}}
}

@Misc{         dropboxclient,
  title        = "Dropbox Client.",
  howpublished = {\url{https://www.dropbox.com/install}}
}

@Misc{         custostrios,
  title        = "Custos: Increasing Security with Secret Storage as a Service",
  year         = {2014},
  author       = "Andy Sayler and Dirk Grunwald",
}

@Misc{         AESCTR,
  title        = "Comments to NIST concerning AES Modes of Operations: CTR-Mode Encryption",
  author       = "Helger Lipmaa and Philip Rogaway and David Wagner",
}
